@book{kittel,
  author = {Charles Kittel},
  year = {2005},
  title = {Introduction to Solid State Physics},
  publisher = {John Wiley \& Sons},
  edition = {8}
}

@article{widom,
  title={First-principles study of the order-disorder transition in the AlCrTiV high entropy alloy},
  author={Michael Widom},
  journal={Physical Review Materials},
  volume={8},
  number={093603},
  year={2024},
  publisher={American Physical Society}
}
%https://journals.aps.org/prmaterials/pdf/10.1103/PhysRevMaterials.8.093603

@book{cullity,
  author = {B. D. Cullity},
  year = {1956},
  title = {Elements of X Ray Diffraction},
  publisher = {Addison-Wesley Publishing Company},
}
% https://www.eng.uc.edu/~beaucag/Classes/XRD/elementsofxraydi030864mbp.pdf

@book{squires,
  author = {G. L. Squires},
  year = {2012},
  title = {Introduction to the Theory of Thermal Neutron Scattering},
  publisher = {Cambridge University Press},
  edition = {3}
}
% https://www.cambridge.org/core/books/introduction-to-the-theory-of-thermal-neutron-scattering/frontmatter/74FF2AB369ACD952887A6D0EB8E5035E

@book{rossat-mignod,
  author = {J. Rossat-Mignod},
  year = {1987},
  title = {Magnetic Structures},
  publisher = {Academic Press},
  volume = {23},
  series = {Methods in Experimental Physics}
}

@article{vesta,
  title={VESTA 3 for Three-Dimensional Visualization of Crystal, Volumetric and Morphology Data},
  author={Koichi Momma and Fujio Izumi},
  journal={Journal of Applied Crystallography},
  volume={44},
  number={6},
  year={2011},
  publisher={Wiley-Blackwell}
}

@article{gsas,
  title={GSAS-II: The Genesis of a Modern Open-Source All Purpose Crystallography Software Package},
  author={Brian Toby and Robert B. Von Dreele},
  journal={Journal of Applied Crystallography},
  volume={46},
  number={2},
  year={2013},
  publisher={Wiley-Blackwell},
  pages = {544--549}
}

@book{form_factors,
    title = {Intensity of diffracted intensities},
    journal = {International Tables for Crystallography},
    volume = {C},
    chapter= {6.1},
    author = {P. J. Brown, A. G. Fox, E. N. Maslen, M. A. O'Keefe and B. T. M. Willis},
    year = {2006},
    pages={554--595},
    publisher = {International Union of Crystallography}
}

@article{neutron_scattering_lengths,
    title = {Special Feature: Neutron scattering lengths and cross sections},
    volume = {3},
    journal ={Neutron News},
    number = {3},
    year = {1992},
    pages = {29 -- 37},
    publisher = {Taylor \& Francis},
}